@misc{pydoc,
	title="Python Documentation [Электронный ресурс]",
	howpublished="Режим доступа: \url{https://www.python.org} (дата обращения: 20.10.2024)"
}

@misc{pytimedoc,
	title="Time access and conversions [Электронный ресурс]",
	howpublished="Режим доступа: \url{https://docs.python.org/3/library/time.html#functions} (дата обращения: 20.10.2024)"

}

@misc{laptop,
	title="Huawei MateBook Core Ultra Specification [Электронный ресурс]",
	howpublished="Режим доступа: \url{https://consumer.huawei.com/en/laptops/matebook-14-2024/specs/} (дата обращения: 20.10.2024)"
}



