@misc{pydoc,
	title="Python Documentation [Электронный ресурс]",
	howpublished="Режим доступа: \url{https://www.python.org} (дата обращения: 20.09.2024)"
}

@misc{pytimedoc,
	title="Time access and conversions [Электронный ресурс]",
	howpublished="Режим доступа: \url{https://docs.python.org/3/library/time.html#functions} (дата обращения: 20.09.2024)"
}

@article{lev-def,
    author = "Rishin Haldar and Debajyoti Mukhopadhyay",
    title = "Levenshtein Distance Technique in Dictionary Lookup
Methods: An Improved Approach"
}

