@misc{processor,
	title="Intel CPU specification [Электронный ресурс]",
	howpublished="Режим доступа: \url{https://www.intel.com/content/www/us/en/products/sku/232147/intel-core-i513500h-processor-18m-cache-up-to-4-70-ghz/specifications.html}~(дата обращения: 12.11.2024)"
}

@book{book_unix,
	author="Юреш Вахалия",
	title="UNIX для профессионалов.",
	publisher="Питер",
	language="russian",
	year=2003
}
