@misc{pydoc,
	title="Python Documentation [Электронный ресурс]",
	howpublished="Режим доступа: \url{https://www.python.org} (дата обращения: 20.10.2024)"
}

@book{book_skiena,
	author="Стивен Скиена",
	title="Алгоритмы. Руководство по разработке.",
	publisher="БХВ",
	language="russian",
	year=2023
}



